@article{stat,
    author = "Morten Hjort-Jensen",
    title = "Computational Physics Lectures: Statistical physics and the Ising Model",
    pages = "1-17",
    year = "23. August 2017",
    url = "http://compphysics.github.io/ComputationalPhysics/doc/pub/statphys/pdf/statphys-print.pdf",
    keywords = "physics"
}

@article{stk,
    author = "Jay L. Devore & Kenneth N. Berk",
    title = "Modern Mathematical Statistics with Applications, second edition",
    pages = "112-118",
    year = "2012",
    url = "",
    keywords = "statistics"
}